
@misc{molenaar2000mps5,
    url = {https://research.tilburguniversity.edu/en/publications/mps5-for-windows-a-program-for-mokken-scale-analysis-for-polytomo},
  title = {MPS5 for Windows. A program for Mokken scale analysis for polytomous items},
  author = {Molenaar, Ivo W and Sijtsma, Klaas},
  year = {2000},
  publisher = {iec ProGAMMA}
}
@Article{Ligtvoet_2010,
  doi = {10.1177/0013164409355697},
  url = {https://doi.org/10.1177/0013164409355697},
  year = {2010},
  month = {jan},
  publisher = {{SAGE} Publications},
  volume = {70},
  number = {4},
  pages = {578--595},
  author = {Rudy Ligtvoet and L.Andries {van der Ark} and Janneke M. {te Marvelde} and Klaas Sijtsma},
  title = {Investigating an Invariant Item Ordering for Polytomously Scored Items},
  journal = {Educational and Psychological Measurement},
}
